@misc{book::first,
  author       = {{Vukmirović, Srđan; Tijana Šukilović}},
  publisher    = {Matematički fakultet},
  title        = {Geometrija za informatičare},
  howpublished = {\url{https://knjizara.matf.bg.ac.rs/wp-content/uploads/2024/07/Geometrija_za_informaticare_2e_izdanje.pdf}},
  year         = {2023}
}

@misc{channel::first,
  author       = {Vukmirović, Srđan},
  howpublished = {\url{https://www.youtube.com/@geometrijamatf}},
  title        = {{Geometrija MATF}},
  year         = {2024}
}

@misc{slides::first,
  author       = {{Vukmirović, Srđan; Tijana Šukilović}},
  howpublished = {Prezentacija},
  title        = {{Geometrija I-smer}},
  year         = {2024}
}